
<record>
  <leader>00377das a2200133ua 4500</leader>
  <controlfield tag="001">11736053</controlfield>
  <controlfield tag="005">20200103130717.0</controlfield>
  <controlfield tag="008">931106c19009999sa wu               zul  </controlfield>
  <datafield tag="035" ind1=" " ind2=" ">
    <subfield code="9">(DLC)sn 88088652</subfield>
  </datafield>
  <datafield tag="906" ind1=" " ind2=" ">
    <subfield code="a">0</subfield>
    <subfield code="b">acq</subfield>
    <subfield code="c">orignew</subfield>
    <subfield code="d">u</subfield>
    <subfield code="e">ncip</subfield>
    <subfield code="f">19</subfield>
    <subfield code="g">undeterm</subfield>
  </datafield>
  <datafield tag="245" ind1="0" ind2="0">
    <subfield code="a">Ilanga.</subfield>
  </datafield>
  <datafield tag="260" ind1=" " ind2=" ">
    <subfield code="a">Durban, Natal :</subfield>
    <subfield code="b">Banner News Agency Ltd.,</subfield>
    <subfield code="c">1965-</subfield>
  </datafield>
  <datafield tag="592" ind1=" " ind2=" ">
    <subfield code="a">ACQN: aq 94010263</subfield>
  </datafield>
  <datafield tag="592" ind1=" " ind2=" ">
    <subfield code="a">Daily (except Sun.),</subfield>
  </datafield>
</record>