
<record>
  <leader>00327dam a22001093a 4500</leader>
  <controlfield tag="001">19627242</controlfield>
  <controlfield tag="005">20200103144551.0</controlfield>
  <controlfield tag="008">000313|xxxx    |||          |||| |||||| </controlfield>
  <datafield tag="906" ind1=" " ind2=" ">
    <subfield code="a">0</subfield>
    <subfield code="b">und</subfield>
    <subfield code="c">undeter</subfield>
    <subfield code="d">u</subfield>
    <subfield code="e">ncip</subfield>
    <subfield code="f">20</subfield>
    <subfield code="g">y-gencatlg</subfield>
  </datafield>
  <datafield tag="050" ind1="1" ind2="0">
    <subfield code="a">PJ7976.I23+</subfield>
  </datafield>
  <datafield tag="100" ind1="1" ind2=" ">
    <subfield code="a">Ziyādah, Ḥammūr.</subfield>
  </datafield>
  <datafield tag="245" ind1="0" ind2="0">
    <subfield code="a">Classification number reserved for Ziyādah, Ḥammūr.</subfield>
  </datafield>
</record>