
<record>
  <leader>00703dem a2200217u  4500</leader>
  <controlfield tag="001">5836472</controlfield>
  <controlfield tag="005">20200103150127.0</controlfield>
  <controlfield tag="007">ad canzn</controlfield>
  <controlfield tag="008">821210s1966    nju       e         eng  </controlfield>
  <datafield tag="035" ind1=" " ind2=" ">
    <subfield code="9">(DLC)unk82039077</subfield>
  </datafield>
  <datafield tag="906" ind1=" " ind2=" ">
    <subfield code="a">0</subfield>
    <subfield code="b">cbc</subfield>
    <subfield code="c">premunv</subfield>
    <subfield code="d">u</subfield>
    <subfield code="e">ncip</subfield>
    <subfield code="f">19</subfield>
    <subfield code="g">y-geogmaps</subfield>
  </datafield>
  <datafield tag="010" ind1=" " ind2=" ">
    <subfield code="a">unk82039077 </subfield>
  </datafield>
  <datafield tag="040" ind1=" " ind2=" ">
    <subfield code="a">DLC</subfield>
    <subfield code="c">CarP</subfield>
    <subfield code="d">DLC</subfield>
  </datafield>
  <datafield tag="050" ind1="0" ind2="0">
    <subfield code="a">G1201.E6</subfield>
    <subfield code="b">J62 1966 (G&amp;M)</subfield>
  </datafield>
  <datafield tag="100" ind1="1" ind2=" ">
    <subfield code="a">Jordan, E. L.</subfield>
    <subfield code="q">(Emil Leopold),</subfield>
    <subfield code="d">1900-1994.</subfield>
  </datafield>
  <datafield tag="245" ind1="0" ind2="0">
    <subfield code="a">Hammond&apos;s Travel encyclopedia of America,</subfield>
  </datafield>
  <datafield tag="250" ind1=" " ind2=" ">
    <subfield code="a">Classic ed.</subfield>
  </datafield>
  <datafield tag="260" ind1=" " ind2=" ">
    <subfield code="a">Maplewood, N.J.,</subfield>
    <subfield code="b">Hammond Incorporated,</subfield>
    <subfield code="c">[1966].</subfield>
  </datafield>
  <datafield tag="300" ind1=" " ind2=" ">
    <subfield code="a">288 p.</subfield>
    <subfield code="b">illus. (part col.), maps (part col.)</subfield>
  </datafield>
  <datafield tag="985" ind1=" " ind2=" ">
    <subfield code="e">ATLAS MIG</subfield>
  </datafield>
  <datafield tag="991" ind1=" " ind2=" ">
    <subfield code="b">c-GenColl</subfield>
    <subfield code="h">G1201.E6</subfield>
    <subfield code="i">J62 1966 (G&amp;M)</subfield>
    <subfield code="t">Copy 1</subfield>
    <subfield code="w">PREM</subfield>
  </datafield>
</record>